@mastersthesis{whisker,
    type = {B.Sc. Thesis},
    author = {Kreis, Marvin},
    year = {2019},
    month = {02},
    title = {Whisker: Automated Testing of Scratch Programs}
}
