@inproceedings{hairball,
    author = {Boe, Bryce and Hill, Charlotte and Len, Michelle and Dreschler, Greg and Conrad, Phillip and Franklin, Diana},
    title = {Hairball: Lint-inspired Static Analysis of Scratch Projects},
    booktitle = {Proceeding of the 44th ACM Technical Symposium on Computer Science Education},
    series = {SIGCSE '13},
    year = {2013},
    isbn = {978-1-4503-1868-6},
    location = {Denver, Colorado, USA},
    pages = {215--220},
    numpages = {6},
    url = {http://doi.acm.org/10.1145/2445196.2445265},
    doi = {10.1145/2445196.2445265},
    acmid = {2445265},
    publisher = {ACM},
    address = {New York, NY, USA},
    keywords = {automated assessment, scratch, static analysis},
}

@inproceedings{drscratch,
    author = {Moreno-Le\'{o}n, Jes\'{u}s and Robles, Gregorio},
    title = {Dr. Scratch: A Web Tool to Automatically Evaluate Scratch Projects},
    booktitle = {Proceedings of the Workshop in Primary and Secondary Computing Education},
    series = {WiPSCE '15},
    year = {2015},
    isbn = {978-1-4503-3753-3},
    location = {London, United Kingdom},
    pages = {132--133},
    numpages = {2},
    url = {http://doi.acm.org/10.1145/2818314.2818338},
    doi = {10.1145/2818314.2818338},
    acmid = {2818338},
    publisher = {ACM},
    address = {New York, NY, USA},
    keywords = {Assessment, Scratch, coding, computational thinking, learning},
}

@inproceedings{itch,
    author = {Johnson, David E.},
    title = {ITCH: Individual Testing of Computer Homework for Scratch Assignments},
    booktitle = {Proceedings of the 47th ACM Technical Symposium on Computing Science Education},
    series = {SIGCSE '16},
    year = {2016},
    isbn = {978-1-4503-3685-7},
    location = {Memphis, Tennessee, USA},
    pages = {223--227},
    numpages = {5},
    url = {http://doi.acm.org/10.1145/2839509.2844600},
    doi = {10.1145/2839509.2844600},
    acmid = {2844600},
    publisher = {ACM},
    address = {New York, NY, USA},
    keywords = {automated testing, computer science education, run-time analysis, scratch},
}

@article{scratch,
    author = {Resnick, Mitchel and Maloney, John and Monroy-Hern\'{a}ndez, Andr{\'e}s and Rusk, Natalie and Eastmond, Evelyn and Brennan, Karen and Millner, Amon and Rosenbaum, Eric and Silver, Jay and Silverman, Brian and Kafai, Yasmin},
    title = {Scratch: Programming for All},
    journal = {Commun. ACM},
    issue_date = {November 2009},
    volume = {52},
    number = {11},
    month = nov,
    year = {2009},
    issn = {0001-0782},
    pages = {60--67},
    numpages = {8},
    url = {http://doi.acm.org/10.1145/1592761.1592779},
    doi = {10.1145/1592761.1592779},
    acmid = {1592779},
    publisher = {ACM},
    address = {New York, NY, USA},
}

@misc{scratchproject,
    author = {{MIT Media Lab}},
    title = {Scratch},
    year = {2009},
    howpublished = {\url{https://scratch.mit.edu/}}
}

@misc{blockpy,
    author = {Austin Cory Bart and Javier Tibau and Luke Gusukuma and Eli Tilevich and Clifford A. Shaffer and Dennis Kafura},
    title = {BlockPy},
    year = {2013},
    howpublished = {\url{https://think.cs.vt.edu/blockpy/}}
}

@article{quickcheck,
    author = {Claessen, Koen and Hughes, John},
    year = {2000},
    month = {01},
    pages = {},
    title = {QuickCheck: A Lightweight Tool for Random Testing of Haskell Programs},
    volume = {46},
    journal = {Proceedings of the ACM SIGPLAN International Conference on Functional Programming, ICFP},
    doi = {10.1145/1988042.1988046}
}

@misc{codeclub,
    author = {{Raspberry Pi Foundation}},
    title = {Code Club},
    howpublished = {\url{https://codeclubprojects.org/}}
}

@misc{keller,
    author = {Keller, Sebastian},
    title = {Using Plan-Driven Development in Educational Programming Projects},
    school = {University of Passau},
    year = {2018}
}
